@article{gao2020model,
  title={Model Repair: Robust Recovery of Over-Parameterized Statistical Models},
  author={Gao, Chao and Lafferty, John},
  journal={arXiv preprint arXiv:2005.09912},
  year={2020}
}
@article{lillicrap2016random,
  title={Random synaptic feedback weights support error backpropagation for deep learning},
  author={Lillicrap, Timothy P and Cownden, Daniel and Tweed, Douglas B and Akerman, Colin J},
  journal={Nature communications},
  volume={7},
  number={1},
  pages={1--10},
  year={2016},
  publisher={Nature Publishing Group}
}
@article{lillicrap2020backpropagation,
  title={Backpropagation and the brain},
  author={Lillicrap, Timothy P and Santoro, Adam and Marris, Luke and Akerman, Colin J and Hinton, Geoffrey},
  journal={Nature Reviews Neuroscience},
  volume={21},
  number={6},
  pages={335--346},
  year={2020},
  publisher={Nature Publishing Group}
}
@article{du2018gradient,
  title={Gradient descent provably optimizes over-parameterized neural networks},
  author={Du, Simon S and Zhai, Xiyu and Poczos, Barnabas and Singh, Aarti},
  journal={arXiv preprint arXiv:1810.02054},
  year={2018}
}
@book{fyfe2007hebbian,
  title={Hebbian learning and negative feedback networks},
  author={Fyfe, Colin},
  year={2007},
  publisher={Springer Science \& Business Media}
}
@article{roelfsema2018control,
  title={Control of synaptic plasticity in deep cortical networks},
  author={Roelfsema, Pieter R and Holtmaat, Anthony},
  journal={Nature Reviews Neuroscience},
  volume={19},
  number={3},
  pages={166},
  year={2018},
  publisher={Nature Publishing Group}
}
@article{laurent2000adaptive,
  title={Adaptive estimation of a quadratic functional by model selection},
  author={Laurent, Beatrice and Massart, Pascal},
  journal={Annals of Statistics},
  pages={1302--1338},
  year={2000},
  publisher={JSTOR}
}
@inproceedings{hand2018global,
  title={Global guarantees for enforcing deep generative priors by empirical risk},
  author={Hand, Paul and Voroninski, Vladislav},
  booktitle={Conference On Learning Theory},
  pages={970--978},
  year={2018},
  organization={PMLR}
}
@book{boucheron2013concentration,
  title={Concentration inequalities: A nonasymptotic theory of independence},
  author={Boucheron, St{\'e}phane and Lugosi, G{\'a}bor and Massart, Pascal},
  year={2013},
  publisher={Oxford university press}
}
@article{jacot2018neural,
  title={Neural tangent kernel: Convergence and generalization in neural networks},
  author={Jacot, Arthur and Gabriel, Franck and Hongler, Cl{\'e}ment},
  journal={arXiv preprint arXiv:1806.07572},
  year={2018}
}
@inproceedings{du2019gradient,
  title={Gradient descent finds global minima of deep neural networks},
  author={Du, Simon and Lee, Jason and Li, Haochuan and Wang, Liwei and Zhai, Xiyu},
  booktitle={International Conference on Machine Learning},
  pages={1675--1685},
  year={2019},
  organization={PMLR}
}