@article{gao2020model,
  title={Model Repair: Robust Recovery of Over-Parameterized Statistical Models},
  author={Gao, Chao and Lafferty, John},
  journal={arXiv preprint arXiv:2005.09912},
  year={2020}
}
@article{lillicrap2016random,
  title={Random synaptic feedback weights support error backpropagation for deep learning},
  author={Lillicrap, Timothy P and Cownden, Daniel and Tweed, Douglas B and Akerman, Colin J},
  journal={Nature communications},
  volume={7},
  number={1},
  pages={1--10},
  year={2016},
  publisher={Nature Publishing Group}
}
@article{lillicrap2020backpropagation,
  title={Backpropagation and the brain},
  author={Lillicrap, Timothy P and Santoro, Adam and Marris, Luke and Akerman, Colin J and Hinton, Geoffrey},
  journal={Nature Reviews Neuroscience},
  volume={21},
  number={6},
  pages={335--346},
  year={2020},
  publisher={Nature Publishing Group}
}
@article{du2018gradient,
  title={Gradient descent provably optimizes over-parameterized neural networks},
  author={Du, Simon S and Zhai, Xiyu and Poczos, Barnabas and Singh, Aarti},
  journal={arXiv preprint arXiv:1810.02054},
  year={2018}
}
@book{fyfe2007hebbian,
  title={Hebbian learning and negative feedback networks},
  author={Fyfe, Colin},
  year={2007},
  publisher={Springer Science \& Business Media}
}
@article{roelfsema2018control,
  title={Control of synaptic plasticity in deep cortical networks},
  author={Roelfsema, Pieter R and Holtmaat, Anthony},
  journal={Nature Reviews Neuroscience},
  volume={19},
  number={3},
  pages={166},
  year={2018},
  publisher={Nature Publishing Group}
}
@article{laurent2000adaptive,
  title={Adaptive estimation of a quadratic functional by model selection},
  author={Laurent, Beatrice and Massart, Pascal},
  journal={Annals of Statistics},
  pages={1302--1338},
  year={2000},
  publisher={JSTOR}
}
@inproceedings{hand2018global,
  title={Global guarantees for enforcing deep generative priors by empirical risk},
  author={Hand, Paul and Voroninski, Vladislav},
  booktitle={Conference On Learning Theory},
  pages={970--978},
  year={2018},
  organization={PMLR}
}
@book{boucheron2013concentration,
  title={Concentration inequalities: A nonasymptotic theory of independence},
  author={Boucheron, St{\'e}phane and Lugosi, G{\'a}bor and Massart, Pascal},
  year={2013},
  publisher={Oxford university press}
}
@article{jacot2018neural,
  title={Neural tangent kernel: Convergence and generalization in neural networks},
  author={Jacot, Arthur and Gabriel, Franck and Hongler, Cl{\'e}ment},
  journal={arXiv preprint arXiv:1806.07572},
  year={2018}
}
@inproceedings{du2019gradient,
  title={Gradient descent finds global minima of deep neural networks},
  author={Du, Simon and Lee, Jason and Li, Haochuan and Wang, Liwei and Zhai, Xiyu},
  booktitle={International Conference on Machine Learning},
  pages={1675--1685},
  year={2019},
  organization={PMLR}
}
@inproceedings{bartunov,
  author = {Sergey Bartunov and Adam Santoro and Blake Richards and Luke Marris and Georey E Hinton and Timothy Lillicrap},
  title = {Assessing the scalability of biologically-motivated deep learning algorithms and architectures},
  booktitle={Advances in Neural Information Processing Systems},
  pages={9368--9378},
  year={2018},
}
@inproceedings{lee:2015,
  author={Dong-Hyun Lee and Saizheng Zhang and Asja Fischer and Yoshua Bengio},
  title={Difference target propagation},
  booktitle={Joint European Conference on Machine Learning and Knowledge Discovery in Databases},
  pages= {498--515},
  publisher={Springer},
  year={2015}
}
@book{pdp,
  author = {D.E. Rumelhart and J.L. McClelland and the PDP Research Group},
  year={1986},
  title={Parallel Distributed Processing: Explorations in the Microstructure of Cognition},
  volume={2: Psychologcal and Biological Models},
  publisher={Cambridge, Massachusetts: MIT Press},
}
@book{pinker,
  author={Steven Pinker and Jackques Mehler},
  title = {Connections and Symbols},
  publisher={Cambridge MA: MIT Press},
  year={1988},
}
@book{elman,
  author={Jeffrey L. Elman and Elizabeth A. Bates and Mark H. Johnson and Annette Karmiloff-Smith, Domenico Parisi and Kim Plunkett},
  year={1996},
  title={Rethinking Innateness: A connectionist perspective on development},
  publisher={Cambridge MA: MIT Press},
}
@article{medler,
  author={David A. Medler},
  year={1998},
  title={A Brief History of Connectionism},
  journal={Neural Computing Surveys},
  volume={1},
  pages={61--101},
}
@article{ilker1,
  title ={An integrative computational architecture for object-driven cortex},
  year={2019},
  author={Ilker Yildirim and J. Wu and N. Kanwisher and J.B. Tenenbaum},
  journal={J.B. Current Opinion in Neurobiology},
}
@article{rumelhart:86,
  author = {David E. Rumelhart and Geoffrey E. Hinton and Ronald J. Williams},
  year={1986},
  title={Learning representations by back-propagating errors},
  journal={Nature},
  volume={323},
  number={6088},
  pages={533--536},
}
@article{yamins2,
  title={Using goal-driven deep learning models to understand sensory cortex},
  author={D. Yamins and J. DiCarlo},
  journal={Nature Neuroscience},
  volume={19},
  number={3},
  pages={356--365},
  year={2016},
}
@inproceedings{hebb1,
  author={D. O. Hebb},
  year={1961},
  title={Distinctive features of learning in the higher animal},
  booktitle={Brain Mechanisms and Learning},
  publisher={London: Oxford University Press},
  editor={J. F. Delafresnaye},
}
@article{paulsen,
  author={O. Paulsen and T. J. Sejnowski},
  year={2000},
  title={Natural patterns of activity and long-term synaptic plasticity},
  journal={Current Opinion in Neurobiology},
  volume={10},
  number={2},
  pages={172--179},
}
@article{oja,
  author={E. Oja},
  year={1982},
  title={A simplified neuron model as a principal component analyzer},
  journal={J. Mathematical Biology},
  volume={15},
  pages={267--273},
}
@inproceedings{sejnowski1,
  author={T. J. Sejnowski and G. Tesauro},
  year={1989},
  title={The Hebb rule for synaptic plasticity: {A}lgorithms and implementations},
  editor={J. H. Byrne and W. O. Berry},
  booktitle={Neural Models of Plasticity},
  pages={94--103},
}
@article{sejnowski2,
  author={T. J. Sejnowski},
  year={1999},
  title={The book of {Hebb}},
  journal={Neuron},
  volume={24},
  pages={773--776},
}
@inproceedings{akrout,
 author = {Akrout, Mohamed and Wilson, Collin and Humphreys, Peter and Lillicrap, Timothy and Tweed, Douglas B},
 booktitle = {Advances in Neural Information Processing Systems},
 editor = {H. Wallach and H. Larochelle and A. Beygelzimer and F. d\textquotesingle Alch\'{e}-Buc and E. Fox and R. Garnett},
 publisher = {Curran Associates, Inc.},
 title = {Deep Learning without Weight Transport},
 volume = {32},
 year = {2019},
}
@misc{bellec,
  title={Biologically inspired alternatives to backpropagation through time for learning in recurrent neural nets},
  author={Guillaume Bellec and Franz Scherr and Elias Hajek and Darjan Salaj and Robert Legenstein and Wolfgang Maass},
  year={2019},
  eprint={1901.09049},
  archivePrefix={arXiv},
  primaryClass={cs.NE}
}
@article{wager2013dropout,
  title={Dropout training as adaptive regularization},
  author={Wager, Stefan and Wang, Sida and Liang, Percy},
  journal={arXiv preprint arXiv:1307.1493},
  year={2013}
}
@article{deng2012mnist, 
  title={The {MNIST} database of handwritten digit images for machine learning research}, 
  author={Deng, Li}, 
  journal={IEEE Signal Processing Magazine}, 
  volume={29}, 
  number={6}, 
  pages={141--142}, 
  year={2012}, 
  publisher={IEEE} 
}